@IEEEtranBSTCTL{IEEEexample:BSTcontrol,
CTLuse_forced_etal       = "yes",
CTLmax_names_forced_etal = "3",
CTLnames_show_etal       = "2"
}
@misc{APCW2007,
note = {letzter Zugriff am 31.08.2023},
author = {{Microsoft}},
title = {{Visual Studio 2022}},
url = {https://visualstudio.microsoft.com/de/},
year = {2023}
}
@misc{APCW2008,
note = {letzter Zugriff am 31.08.2023},
author = {{heise Download}},
title = {{Einführung in LaTeX}},
url = {https://www.heise.de/download/blog/Einfuehrung-in-LaTeX-3599742},
year = {2023}
}
@misc{APCW2009,
note = {letzter Zugriff am 31.08.2023},
author = {{Kinsta Wissensdatenbank}},
title = {{Was ist React.js? Ein Blick auf die beliebte JavaScript-Bibliothek}},
url = {https://kinsta.com/de/wissensdatenbank/was-ist-react-js/},
year = {2022}
}
@misc{APCW20010,
note = {letzter Zugriff am 31.08.2023},
author = {{M.A. Dirk Srocke}},
title = {{Representational State Transfer (REST), Application Programming Interface (API) - Was ist eine REST API?}},
url = {https://www.cloudcomputing-insider.de/was-ist-eine-rest-api-a-6e93daacdd9a10179bf0fcd6dec9507d/},
year = {2017}
}
@misc{APCW20011,
note = {letzter Zugriff am 31.08.2023},
url = {https://mannhowie.com/rest-api}
}
@misc{APCW20012,
note = {letzter Zugriff am 31.08.2023},
title = {{HTTP/Anfragemethoden}},
url = {https://wiki.selfhtml.org/wiki/HTTP/Anfragemethoden},
year = {2023}
}
@misc{APCW20013,
note = {letzter Zugriff am 31.08.2023},
title = {{Was ist JSON? Praxisnahes Basiswissen}},
url = {https://www.opc-router.de/was-ist-json/#:~:text=JSON%20ist%20ein%20komplett%20unabh%C3%A4ngiges,Anwendungen%20immer%20als%20Ganzes%20ausgetauscht},
}
@misc{APCW20014,
note = {letzter Zugriff am 31.08.2023},
title = {{JSON}},
url = {https://wiki.selfhtml.org/wiki/JSON},
year = {2023}
}
@misc{APCW20015,
note = {letzter Zugriff am 31.08.2023},
author = {{SEO-Küche}},
title = {{Bedeutung der HTTP Status-Codes}},
url = {https://www.seo-kueche.de/ratgeber/http-status-codes/#:~:text=Was%20sind%20die%20wichtigsten%20Status,und%20503%20%E2%80%93%20Dienst%20nicht%20verf%C3%BCgbar},
year = {2023}
}
@misc{APCW20016,
note = {letzter Zugriff am 31.08.2023},
author = {{Tailwind CSS}},
title = {{Rapidly build modern websites without ever leaving your HTML}},
url = {https://tailwindcss.com/},
year = {2023}
}
@misc{APCW20017,
note = {letzter Zugriff am 31.08.2023},
author = {{Stack Overflow User Ahmad}},
url = {https://stackoverflow.com/questions/61343447/my-tailwind-css-intellisense-plugin-just-isnt-working-on-my-vscode},
year = {2020}
}
@misc{APCW20018,
note = {letzter Zugriff am 31.08.2023},
title = {{Was ist ein Use Case-Diagramm?}},
url = {https://www.microtool.de/wissen-online/was-ist-ein-use-case-diagramm/}
}
@misc{APCW20019,
note = {letzter Zugriff am 31.08.2023},
author = {{Andreas Diehl}},
title = {{Was ist Scrum?}},
url = {https://digitaleneuordnung.de/blog/scrum-methode/#:~:text=Scrum%20ist%20ein%20Rahmenwerk%20f%C3%BCr,basierend%20auf%20agilen%20Prinzipien%20geben},
year = {2023}
}
@misc{APCW20020,
note = {letzter Zugriff am 31.08.2023},
author = {{Joel Olawanle}},
title = {{A Complete Guide to Routing in React}},
url = {https://hygraph.com/blog/routing-in-react},
year = {2023}
}